<record><leader>00000cas a2200000 a 4500</leader><controlfield tag="001">13698687</controlfield><controlfield tag="008">860606d18uu1893mouwr ne      0    0eng d</controlfield><datafield ind1=" " ind2=" " tag="010"><subfield code="a">sn 86064006 </subfield></datafield><datafield ind1=" " ind2=" " tag="040"><subfield code="a">KSH</subfield><subfield code="b">eng</subfield><subfield code="c">KSH</subfield><subfield code="d">NPT</subfield><subfield code="d">MQN</subfield><subfield code="d">OCL</subfield><subfield code="d">OCLCQ</subfield></datafield><datafield ind1=" " ind2=" " tag="042"><subfield code="a">msc</subfield></datafield><datafield ind1="0" ind2="4" tag="245"><subfield code="a">The Kansas City record.</subfield></datafield><datafield ind1=" " ind2=" " tag="260"><subfield code="a">Kansas City, Mo. :</subfield><subfield code="b">A.N. Kellogg Newspaper Co.,</subfield><subfield code="c">-1893.</subfield></datafield><datafield ind1=" " ind2=" " tag="300"><subfield code="a">v. ;</subfield><subfield code="c">65 cm.</subfield></datafield><datafield ind1=" " ind2=" " tag="310"><subfield code="a">Weekly</subfield></datafield><datafield ind1="0" ind2=" " tag="362"><subfield code="a">-no. 1439 (Mar. 18, 1893).</subfield></datafield><datafield ind1=" " ind2=" " tag="588"><subfield code="a">Description based on: No. 1429 (Jan. 7, 1893).</subfield></datafield><datafield ind1=" " ind2=" " tag="752"><subfield code="a">United States</subfield><subfield code="b">Missouri</subfield><subfield code="c">Jackson</subfield><subfield code="d">Kansas City.</subfield></datafield><datafield ind1="0" ind2="0" tag="785"><subfield code="t">Kellogg's Kansas City record</subfield><subfield code="w">(DLC)sn 92058856</subfield></datafield><datafield ind1="1" ind2=" " tag="029"><subfield code="a">AU@</subfield><subfield code="b">000022169439</subfield></datafield></record>